

@ARTICLE{1898AJ.....19...17S,
       author = {{Schaeberle}, J.~M.},
        title = {General theory of the aberration in the focal plane of a parabolic reflector},
      journal = {The Astronomical Journal},
         year = 1898,
        month = may,
       volume = {19},
        pages = {17-21},
          doi = {10.1086/102918},
       note = {https://ui.adsabs.harvard.edu/abs/1898AJ.....19...17S},
      adsnote = {Provided by the SAO/NASA Astrophysics Data System}
}
